@report{CERN-LHCC-2011-001,
      author         = "The LHCb collaboration",
      title          = "{Letter of intent for the LHCb upgrade}",
      collaboration  = "LHCb collaboration",
      year           = {2011},
      month          = {2},
      number         = "CERN-LHCC-2011-001. LHCC-I-018",
      url            = "https://cds.cern.ch/record/1333091"
}

@article{Borghi:2017hfp,
      author         = "Borghi, S.",
      title          = "{Novel real-time alignment and calibration of the LHCb
                        detector and its performance}",
      booktitle      = "{14th Vienna Conference on Instrumentation (VCI 2016)
                        Vienna, Austria, February 15-19, 2016}",
      collaboration  = "LHCb collaboration",
      journal        = "Nucl. Instrum. Meth.",
      volume         = "A845",
      year           = "2017",
      pages          = "560-564",
      doi            = "10.1016/j.nima.2016.06.050",
      SLACcitation   = "%%CITATION = NUIMA,A845,560;%%"
}

@article{Ciezarek:2016lqu,
      author         = "Ciezarek, G. and Lupato, A. and Rotondo, M. and
                        Vesterinen, M.",
      title          = "{Reconstruction of semileptonically decaying beauty
                        hadrons produced in high energy pp collisions}",
      journal        = "JHEP",
      volume         = "02",
      year           = "2017",
      pages          = "021",
      doi            = "10.1007/JHEP02(2017)021",
      eprint         = "1611.08522",
      archivePrefix  = "arXiv",
      primaryClass   = "hep-ex",
      SLACcitation   = "%%CITATION = ARXIV:1611.08522;%%"
}
