@report{LHCb-PUB-2017-006,
      author        = "Fitzpatrick, Conor and Williams, J Michael and Meloni, Simone and Boettcher, Thomas Julian and
                       Whitehead, Mark Peter and Dziurda, Agnieszka and Vesterinen, Mika Anton",
      title         = "{Upgrade trigger: Bandwidth strategy proposal}",
      number        = "LHCb-PUB-2017-006",
      year          = {2017},
      month         = {2},
      url           = "https://cds.cern.ch/record/2244313",
}

@report{LHCb-PUB-2017-005,
      author        = "Aaij, Roel and Albrecht, Johannes and Couturier, Ben and Esen, Sevda and De Cian, Michel and
                       De Vries, Jacco Andreas and Dziurda, Agnieszka and Fitzpatrick, Conor and Fontana, Marianna and
                       Grillo, Lucia and Hasse, Christoph and Jones, Christopher Rob and Le Gac, Renaud and
                       Matev, Rosen and Neufeld, Niko and Nikodem, Thomas and Polci, Francesco and Del Buono, Luigi and
                       Quagliani, Renato and Schwemmer, Rainer and Seyfert, Paul and Stahl, Sascha and
                       Szumlak, Tomasz and Vesterinen, Mika Anton and Wanczyk, Joanna and
                       Williams, Mark Richard James and Yin, Hang and Zacharjasz, Emilia Anna",
      title         = "{Upgrade trigger: Biannual performance update}",
      number        = "LHCb-PUB-2017-005",
      month         = {2},
      year          = {2017},
      url           = "https://cds.cern.ch/record/2244312",
}

@report{LHCb-PUB-2014-027,
      author        = "Fitzpatrick, C and Gligorov, V V",
      title         = "{Anatomy of an upgrade event in the upgrade era, and implications for the LHCb trigger}",
      number        = "LHCb-PUB-2014-027",
      month         = {5},
      year          = {2014},
      url           = "https://cds.cern.ch/record/1670985",
}

@report{LHCb-PUB-2013-009,
      author        = "Gauld, Rhorry",
      title         = "{Measuring top quark production asymmetries at LHCb}",
      number        = "LHCb-PUB-2013-009",
      month         = {6},
      year          = {2013},
      url           = "https://cds.cern.ch/record/1557385",
}
