% Put extra citations here that don't warrant going into the main template
@article{abcde, title = "Example"}
